@inproceedings{eiband2017understanding,
  title={Understanding shoulder surfing in the wild: Stories from users and observers},
  author={Eiband, Malin and Khamis, Mohamed and Von Zezschwitz, Emanuel and Hussmann, Heinrich and Alt, Florian},
  booktitle={Proceedings of the 2017 CHI Conference on Human Factors in Computing Systems},
  pages={4254--4265},
  year={2017}
}
@article{kwon2013covert,
  title={Covert attentional shoulder surfing: Human adversaries are more powerful than expected},
  author={Kwon, Taekyoung and Shin, Sooyeon and Na, Sarang},
  journal={IEEE Transactions on Systems, Man, and Cybernetics: Systems},
  volume={44},
  number={6},
  pages={716--727},
  year={2013},
  publisher={IEEE}
}
@incollection{brudy2014anyone,
  title={Is anyone looking? mediating shoulder surfing on public displays (the video)},
  author={Brudy, Frederik and Ledo, David and Greenberg, Saul},
  booktitle={CHI'14 Extended Abstracts on Human Factors in Computing Systems},
  pages={159--160},
  year={2014}
}
@inproceedings{chakraborty2014tag,
  title={Tag digit based honeypot to detect shoulder surfing attack},
  author={Chakraborty, Nilesh and Mondal, Samrat},
  booktitle={International Symposium on Security in Computing and Communication},
  pages={101--110},
  year={2014},
  organization={Springer}
}
@inproceedings{wiedenbeck2006design,
  title={Design and evaluation of a shoulder-surfing resistant graphical password scheme},
  author={Wiedenbeck, Susan and Waters, Jim and Sobrado, Leonardo and Birget, Jean-Camille},
  booktitle={Proceedings of the working conference on Advanced visual interfaces},
  pages={177--184},
  year={2006}
}
@inproceedings{kumar2007reducing,
  title={Reducing shoulder-surfing by using gaze-based password entry},
  author={Kumar, Manu and Garfinkel, Tal and Boneh, Dan and Winograd, Terry},
  booktitle={Proceedings of the 3rd symposium on Usable privacy and security},
  pages={13--19},
  year={2007}
}
@article{goucher2011look,
  title={Look behind you: the dangers of shoulder surfing},
  author={Goucher, Wendy},
  journal={Computer Fraud \& Security},
  volume={2011},
  number={11},
  pages={17--20},
  year={2011},
  publisher={Elsevier}
}
@inproceedings{Chun2019Keep,
  title={Keep Others from Peeking at Your Mobile Device Screen!},
  author={Chun-Yu Daniel Chen and Bo-Yao Lin and Junding Wang and Kang G. Shin},
  booktitle={The 25th Annual International Conference},
  year={2019},
}
@inproceedings{maggi2011poster,
  title={Poster: Fast, automatic iphone shoulder surfing},
  author={Maggi, Federico and Volpatto, Alberto and Gasparini, Simone and Boracchi, Giacomo and Zanero, Stefano},
  booktitle={Proceedings of the 18th ACM conference on Computer and communications security},
  pages={805--808},
  year={2011}
}
@inproceedings{saad2018communicating,
  title={Communicating Shoulder Surfing Attacks to Users},
  author={Saad, Alia and Chukwu, Michael and Schneegass, Stefan},
  booktitle={Proceedings of the 17th International Conference on Mobile and Ubiquitous Multimedia},
  pages={147--152},
  year={2018}
}
@inproceedings{schaub2012password,
  title={Password entry usability and shoulder surfing susceptibility on different smartphone platforms},
  author={Schaub, Florian and Deyhle, Ruben and Weber, Michael},
  booktitle={Proceedings of the 11th international conference on mobile and ubiquitous multimedia},
  pages={1--10},
  year={2012}
}
@article{papadopoulos2017illusionpin,
  title={Illusionpin: Shoulder-surfing resistant authentication using hybrid images},
  author={Papadopoulos, Athanasios and Nguyen, Toan and Durmus, Emre and Memon, Nasir},
  journal={IEEE Transactions on Information Forensics and Security},
  volume={12},
  number={12},
  pages={2875--2889},
  year={2017},
  publisher={IEEE}
}
@MISC{Polotiko2017leakage,
author =     {Polotiko},
title =  {Aguirre furious at photo leak of private text message},
year =   2017,
url ={https://politics.com.ph/aguirre-furious-photo-leak-private-text-message/},
}
@article{nasrollahi2020deep,
  title={Deep artifact-free residual network for single-image super-resolution},
  author={Nasrollahi, Hamdollah and Farajzadeh, Kamran and Hosseini, Vahid and Zarezadeh, Esmaeil and Abdollahzadeh, Milad},
  journal={Signal, Image and Video Processing},
  volume={14},
  number={2},
  pages={407--415},
  year={2020},
  publisher={Springer}
}
@article{lyn2020image,
  title={Image super-resolution reconstruction based on attention mechanism and feature fusion},
  author={Lyn, Jiawen and Yan, Sen},
  journal={arXiv preprint arXiv:2004.03939},
  year={2020}
}
@article{lucas2019generative,
  title={Generative adversarial networks and perceptual losses for video super-resolution},
  author={Lucas, Alice and Lopez-Tapia, Santiago and Molina, Rafael and Katsaggelos, Aggelos K},
  journal={IEEE Transactions on Image Processing},
  volume={28},
  number={7},
  pages={3312--3327},
  year={2019},
  publisher={IEEE}
}
@article{wronski2019handheld,
  title={Handheld multi-frame super-resolution},
  author={Wronski, Bartlomiej and Garcia-Dorado, Ignacio and Ernst, Manfred and Kelly, Damien and Krainin, Michael and Liang, Chia-Kai and Levoy, Marc and Milanfar, Peyman},
  journal={ACM Transactions on Graphics (TOG)},
  volume={38},
  number={4},
  pages={1--18},
  year={2019},
  publisher={ACM New York, NY, USA}
}
@article{suetake2008image,
  title={Image super-resolution based on local self-similarity},
  author={Suetake, Noriaki and Sakano, Morihiko and Uchino, Eiji},
  journal={Optical review},
  volume={15},
  number={1},
  pages={26--30},
  year={2008},
  publisher={Springer}
}
@inproceedings{farsiu2003robust,
  title={Robust shift and add approach to superresolution},
  author={Farsiu, Sina and Robinson, Dirk and Elad, Michael and Milanfar, Peyman},
  booktitle={Applications of Digital Image Processing XXVI},
  volume={5203},
  pages={121--130},
  year={2003},
  organization={International Society for Optics and Photonics}
}
@article{dong2015image,
  title={Image super-resolution using deep convolutional networks},
  author={Dong, Chao and Loy, Chen Change and He, Kaiming and Tang, Xiaoou},
  journal={IEEE transactions on pattern analysis and machine intelligence},
  volume={38},
  number={2},
  pages={295--307},
  year={2015},
  publisher={IEEE}
}
@inproceedings{ledig2017photo,
  title={Photo-realistic single image super-resolution using a generative adversarial network},
  author={Ledig, Christian and Theis, Lucas and Husz{\'a}r, Ferenc and Caballero, Jose and Cunningham, Andrew and Acosta, Alejandro and Aitken, Andrew and Tejani, Alykhan and Totz, Johannes and Wang, Zehan and others},
  booktitle={Proceedings of the IEEE conference on computer vision and pattern recognition},
  pages={4681--4690},
  year={2017}
}



@inproceedings{shi2016real,
  title={Real-time single image and video super-resolution using an efficient sub-pixel convolutional neural network},
  author={Shi, Wenzhe and Caballero, Jose and Husz{\'a}r, Ferenc and Totz, Johannes and Aitken, Andrew P and Bishop, Rob and Rueckert, Daniel and Wang, Zehan},
  booktitle={Proceedings of the IEEE conference on computer vision and pattern recognition},
  pages={1874--1883},
  year={2016}
}
@article{kappeler2016video,
  title={Video super-resolution with convolutional neural networks},
  author={Kappeler, Armin and Yoo, Seunghwan and Dai, Qiqin and Katsaggelos, Aggelos K},
  journal={IEEE Transactions on Computational Imaging},
  volume={2},
  number={2},
  pages={109--122},
  year={2016},
  publisher={IEEE}
}
@inproceedings{caballero2017real,
  title={Real-time video super-resolution with spatio-temporal networks and motion compensation},
  author={Caballero, Jose and Ledig, Christian and Aitken, Andrew and Acosta, Alejandro and Totz, Johannes and Wang, Zehan and Shi, Wenzhe},
  booktitle={Proceedings of the IEEE Conference on Computer Vision and Pattern Recognition},
  pages={4778--4787},
  year={2017}
}
@article{huang2017video,
  title={Video super-resolution via bidirectional recurrent convolutional networks},
  author={Huang, Yan and Wang, Wei and Wang, Liang},
  journal={IEEE transactions on pattern analysis and machine intelligence},
  volume={40},
  number={4},
  pages={1015--1028},
  year={2017},
  publisher={IEEE}
}
@inproceedings{sajjadi2018frame,
  title={Frame-recurrent video super-resolution},
  author={Sajjadi, Mehdi SM and Vemulapalli, Raviteja and Brown, Matthew},
  booktitle={Proceedings of the IEEE Conference on Computer Vision and Pattern Recognition},
  pages={6626--6634},
  year={2018}
}
@article{kawulok2019deep, title={Deep learning for multiple-image super-resolution}, author={Kawulok, Michal and Benecki, Pawel and Piechaczek, Szymon and Hrynczenko, Krzysztof and Kostrzewa, Daniel and Nalepa, Jakub}, journal={IEEE Geoscience and Remote Sensing Letters}, year={2019}, publisher={IEEE} }

@INPROCEEDINGS{8834937,  author={Z. {Dong} and S. {Zhang} and B. {Ma} and D. {Qi} and L. {Luo} and M. {Zhou}},  booktitle={2019 7th International Conference on Information, Communication and Networks (ICICN)},   title={A Hybrid Multi-Frame Super-Resolution Algorithm Using Multi-Channel Memristive Pulse Coupled Neural Network and Sparse Coding},   year={2019},  volume={},  number={},  pages={185-190},}

