@inproceedings{zippy,
  title={Zippy: On-demand network flooding},
  author={Sutton, Felix and Buchli, Bernhard and Beutel, Jan and Thiele, Lothar},
  booktitle={Proceedings of Sensys},
  year={2015}
}

@inproceedings{steam,
  title={Steam-powered sensing},
  author={Zhang, Chengjie and Syed, Affan and Cho, Young and Heidemann, John},
  booktitle={Proceedings of Sensys},
  year={2011}
}

@article{wang2013exploiting,
  title={Exploiting constructive interference for scalable flooding in wireless networks},
  author={Wang, Yin and He, Yuan and Mao, Xufei and Liu, Yunhao and Li, Xiang-Yang},
  journal={IEEE/ACM Transactions on Networking},
  volume={21},
  number={6},
  pages={1880--1889},
  year={2013}
}

@article{wang2015disco,
  title={Disco: Improving packet delivery via deliberate synchronized constructive interference},
  author={Wang, Yin and Liu, Yunhao and He, Yuan and Li, Xiang-Yang and Cheng, Dapeng},
  journal={IEEE Transactions on Parallel \& Distributed Systems},
  number={3},
  pages={713--723},
  year={2015}
}

@article{zheng2016bulk,
  title={Bulk data dissemination in wireless sensor networks: analysis, implications and improvement},
  author={Zheng, Xiaolong and Wang, Jiliang and Dong, Wei and He, Yuan and Liu, Yunhao},
  journal={IEEE Transactions on Computers},
  volume={65},
  number={5},
  pages={1428--1439},
  year={2016},
  publisher={IEEE}
}

@inproceedings{sleep,
  title={Sleep in the dins: Insomnia therapy for duty-cycled sensor networks},
  author={Wang, Jiliang and Cao, Zhichao and Mao, Xufei and Liu, Yunhao},
  booktitle={Proceedings of INFOCOM},
  year={2014}
}

@article{li2014towards,
  title={Towards energy-fairness in asynchronous duty-cycling sensor networks},
  author={Li, Zhenjiang and Li, Mo and Liu, Yunhao},
  journal={ACM Transactions on Sensor Networks},
  volume={10},
  number={3},
  pages={38},
  year={2014}
}

@article{industry2,
  title={Real-time wireless sensor-actuator networks for industrial cyber-physical systems},
  author={Lu, Chenyang and Saifullah, Abusayeed and Li, Bo and Sha, Mo and Gonzalez, Humberto and Gunatilaka, Dolvara and Wu, Chengjie and Nie, Lanshun and Chen, Yixin},
  journal={Proceedings of the IEEE},
  volume={104},
  number={5},
  pages={1013--1024},
  year={2016},
  publisher={IEEE}
}

@article{zhe2015low,
  title={A Low Latency, Energy Efficient MAC Protocol for Wireless Sensor Networks},
  author={Zhe-tao, Li and Chen, Qian and Geng-ming, Zhu and Young-june, Choi and Sekiya, Hiroo},
  journal={IJDSN},
  year={2015}
}

@inproceedings{smarthealth,
  title={Multi criteria assisted context aware vertical hand-over for seamless health-care services in smart city},
  author={Bhunia, Suman Sankar and Roy, Sarbani and Mukherjee, Nandini},
  booktitle={Proceedings of IoT-App},
  year={2015}
}

@inproceedings{smarthome2,
  title={Urban sensing and smart home energy optimisations: A machine learning approach},
  author={Shahriar, Md Sumon and Rahman, M Sabbir},
  booktitle={Proceedings of IoT-App},
  year={2015}
}

@inproceedings{ptunes,
  title={pTunes: Runtime parameter adaptation for low-power MAC protocols},
  author={Zimmerling, Marco and Ferrari, Federico and Mottola, Luca and Voigt, Thiemo and Thiele, Lothar},
  booktitle={Proceedings of IPSN},
  year={2012}
}

@inproceedings{industry,
  title={Industry: beyond interoperability: pushing the performance of sensor network IP stacks},
  author={Ko, JeongGil and Eriksson, Joakim and Tsiftes, Nicolas and Dawson-Haggerty, Stephen and Vasseur, Jean-Philippe and Durvy, Mathilde and Terzis, Andreas and Dunkels, Adam and Culler, David},
  booktitle={Proceedings of Sensys},
  year={2011}
}

@inproceedings{citysee,
  title={CitySee: Urban CO 2 monitoring with sensors},
  author={Mao, Xufei and Miao, Xin and He, Yuan and Li, Xiang-Yang and Liu, Yunhao},
  booktitle={Proceedings of INFOCOM},
  year={2012}
}

@inproceedings{smarthome,
  title={The haunted house: Networking smart homes to enable casual long-distance social interactions},
  author={Clark, Meghan and Dutta, Prabal},
  booktitle={Proceedings of IoT-App},
  year={2015}
}

@article{zisense_jrnl,
  title={Interference Resilient Duty Cycling for Wireless Sensor Networks under Co-existing Environments},
  author={Zheng, Xiaolong and Cao, Zhichao and Wang, Jiliang and He, Yuan and Liu, Yunhao},
  journal={IEEE Transactions on Communications},
  year={2017},
  publisher={IEEE}
}

@inproceedings{trinity,
  title={Powering indoor sensing with airflows: a trinity of energy harvesting, synchronous duty-cycling, and sensing},
  author={Xiang, Tianyu and Chi, Zicheng and Li, Feng and Luo, Jun and Tang, Lihua and Zhao, Liya and Yang, Yaowen},
  booktitle={Proceedings of Sensys},
  year={2013}
}

@inproceedings{dunkels07adaptive,
  author = {Adam Dunkels and Fredrik Ã–sterlind and Zhitao He},
  title = {An Adaptive Communication Architecture for Wireless
                  Sensor Networks},
  booktitle = {Proceedings of SenSys},
  year={2007}
}

@misc{contikimac,
  title={The ContikiMAC Radio Duty Cycling Protocol},
  author={Dunkels, A},
  booktitle={SICS Technical Report T2011: 13},
  year={2011}
}

@inproceedings{meter,
  title={Preamble Counter: Achieving Accurate and Real-Time Link Estimation in Low Power Wireless Sensor Networks},
  author={Daibo Liu, Zhichao Cao, Mengshu Hou and Yi Zhang},
  booktitle={Proceedings of IPSN},
  year={2016}
}

@inproceedings{indriya,
  title={Indriya: A low-cost, 3D wireless sensor network testbed},
  author={Doddavenkatappa, Manjunath and Chan, Mun Choon and Ananda, Akkihebbal L},
  booktitle={Proceedings of TRIDENTCOM},
  year={2011}
}

@inproceedings{citysee,
  title={CitySee: Urban {CO}$_2$ monitoring with sensors},
  author={Mao, Xufei and Miao, Xin and He, Yuan and Li, Xiang-Yang and Liu, Yunhao},
  booktitle={Proceedings of INFOCOM},
  year={2012}
}

@inproceedings{chaos,
  title={Chaos: Versatile and efficient all-to-all data sharing and in-network processing at scale},
  author={Landsiedel, Olaf and Ferrari, Federico and Zimmerling, Marco},
  booktitle={Proceedings of Sensys},
  year={2013}
}

@incollection{flash,
  title={Flash Flooding: Exploiting the Capture Effect for Rapid Flooding in Wireless Sensor Networks},
  author={Lu, Jiakang and Whitehouse, K},
  booktitle={Proceedings of INFOCOM},
  year={2009}
}

@inproceedings{cof,
  title={COF: Exploiting Concurrency for Low Power Opportunistic Forwarding},
  author={Liu, Daibo and Hou, Mengshu and Cao, Zhichao and He, Yuan and Ji, Xiaoyu and Zheng, Xiaolong},
  booktitle={Proceedings of ICNP},
  year={2015}
}

@inproceedings{drip,
  title={Design of an application-cooperative management system for wireless sensor networks.},
  author={Tolle, Gilman and Culler, David E},
  booktitle={Proceedings of EWSN},
  year={2005}
}

@inproceedings{rxlayer,
  title={RxLayer: adaptive retransmission layer for low power wireless},
  author={Liu, Daibo and Cao, Zhichao and Wang, Jiliang and Hou, Mengshu and Li, Yujun},
  booktitle={Proceedings of MobiHoc},
  year={2014}
}

@misc{telosb,
  title={Crossbow Inc},
  author={TelosB},
  year={2013}
}

@inproceedings{cord,
  title={CORD: Energy-efficient reliable bulk data dissemination in sensor networks},
  author={Huang, Leijun and Setia, Sanjeev},
  booktitle={Proceedings of INFOCOM},
  year={2008}
}

@inproceedings{pando,
  title={When Pipelines Meet Fountain: Fast Data Dissemination in Wireless Sensor Networks},
  author={Du, Wan and Liando, Jansen Christian and Zhang, Huanle and Li, Mo},
  booktitle={Proceedings of Sensys},
  year={2015}
}

@book{trickle,
  title={Trickle: A self regulating algorithm for code propagation and maintenance in wireless sensor networks},
  author={Levis, Philip Alexander and Patel, Neil and Culler, David and Shenker, Scott},
  year={2003},
  publisher={Computer Science Division, University of California}
}

@inproceedings{dof,
  title={DOF: Duplicate detectable opportunistic forwarding in duty-cycled wireless sensor networks},
  author={Liu, Daibo and Cao, Zhichao and Wang, Jiliang and He, Yuan and Hou, Mengshu and Liu, Yunhao},
  booktitle={Proceedings of ICNP},
  year={2013}
}

@inproceedings{sleep,
  title={Sleep in the Dins: Insomnia therapy for duty-cycled sensor networks},
  author={Wang, Jiliang and Cao, Zhichao and Mao, Xufei and Liu, Yunhao},
  booktitle={Proceedings of INFOCOM},
  year={2014}
}

@inproceedings{zisense,
  title={ZiSense: towards interference resilient duty cycling in wireless sensor networks},
  author={Zheng, Xiaolong and Cao, Zhichao and Wang, Jiliang and He, Yuan and Liu, Yunhao},
  booktitle={Proceedings of Sensys},
  year={2014}
}

@inproceedings{FTSP,
  title={The flooding time synchronization protocol},
  author={Mar{\'o}ti, Mikl{\'o}s and Kusy, Branislav and Simon, Gyula and L{\'e}deczi, {\'A}kos},
  booktitle={Proceedings of Sensys},
  year={2004}
}

@inproceedings{wang2009duty,
  title={Duty-cycle-aware broadcast in wireless sensor networks},
  author={Wang, Feng and Liu, Jiangchuan},
  booktitle={Proceedings of INFOCOM},
  year={2009}
}

@inproceedings{cflood,
  title={Exploring Link Correlation for Efficient Flooding in Wireless Sensor Networks.},
  author={Zhu, Ting and Zhong, Ziguo and He, Tian and Zhang, Zhi-Li},
  booktitle={Proceedings of NSDI},
  year={2010}
}

@inproceedings{adb,
  title={ADB: an efficient multihop broadcast protocol based on asynchronous duty-cycling in wireless sensor networks},
  author={Sun, Yanjun and Gurewitz, Omer and Du, Shu and Tang, Lei and Johnson, David B},
  booktitle={Proceedings of Sensys},
  year={2009}
}

@inproceedings{lai2010multihop,
  title={On multihop broadcast over adaptively duty-cycled wireless sensor networks},
  author={Lai, Shouwen and Ravindran, Binoy},
  booktitle={Proceedings of DCOSS},
  year={2010}
}

@inproceedings{corlayer,
  title={Corlayer: A transparent link correlation layer for energy efficient broadcast},
  author={Wang, Shuai and Kim, Song Min and Liu, Yunhuai and Tan, Guang and He, Tian},
  booktitle={Proceedings of Mobicom},
  year={2013}
}

@inproceedings{guo2011correlated,
  title={Correlated flooding in low-duty-cycle wireless sensor networks},
  author={Guo, Shuo and Kim, Song Min and Zhu, Ting and Gu, Yu and He, Tian},
  booktitle={Proceedings of ICNP},
  year={2011}
}

@inproceedings{dcamlbs,
  title={Duty-cycle-aware minimum latency broadcast scheduling in multi-hop wireless networks},
  author={Jiao, Xianlong and Lou, Wei and Ma, Junchao and Cao, Jiannong and Wang, Xiaodong and Zhou, Xingming},
  booktitle={Proceedings of ICDCS},
  year={2010}
}

@INPROCEEDINGS{lwb,
  title={Low-Power Wireless Bus},
  author={Ferrari, Federico and Zimmerling, Marco and Mottola, Luca and Thiele, Lothar},
  booktitle={Proceedings of Sensys},
  year={2012}
}

@INPROCEEDINGS{glossy,
  title={Efficient network flooding and time synchronization with Glossy},
  author={Ferrari, Federico and Zimmerling, Marco and Thiele, Lothar and Saukh, Olga},
  booktitle={Proceedings of IPSN},
  year={2011}
}

@INPROCEEDINGS{amac,
  title={Design and evaluation of a versatile and efficient receiver-initiated link layer for low-power wireless},
  author={Dutta, Prabal and Dawson-Haggerty, Stephen and Chen, Yin and Liang, Chieh-Jan Mike and Terzis, Andreas},
  booktitle={Proceedings of Sensys},
  year={2010}
}

@INPROCEEDINGS{ri,
  title={RI-MAC: a receiver-initiated asynchronous duty cycle MAC protocol for dynamic traffic loads in wireless sensor networks},
  author={Sun, Yanjun and Gurewitz, Omer and Johnson, David B},
  booktitle={Proceedings of Sensys},
  year={2008}
}

@INPROCEEDINGS{ctp,
  title={Collection tree protocol},
  author={Gnawali, Omprakash and Fonseca, Rodrigo and Jamieson, Kyle and Moss, David and Levis, Philip},
  booktitle={Proceedings of Sensys},
  year={2009}
}

@INPROCEEDINGS{l2,
  title={L$^2$: Lazy forwarding in low duty cycle wireless sensor networks},
  author={Cao, Zhichao and He, Yuan and Liu, Yunhao},
  booktitle={Proceedings of INFOCOM},
  year={2012}
}

@INPROCEEDINGS{delay,
  title={On the Delay Performance Analysis in A Large-Scale Wireless Sensor Network},
  author={Wang, Jiliang and Dong, Wei and Cao, Zhichao and Liu, Yunhao},
  booktitle={Proceedings of RTSS},
  year={2012}
}

@INPROCEEDINGS{orw,
  title={Low power, low delay: opportunistic routing meets duty cycling},
  author={Landsiedel, Olaf and Ghadimi, Euhanna and Duquennoy, Simon and Johansson, Mikael},
  booktitle={Proceedings of IPSN},
  year={2012}
}

@article{box,
  title={BoX-MACs: Exploiting physical and link layer boundaries in low-power networking},
  author={Moss, David and Levis, Philip},
  journal={Technical Report SING-08-00, Stanford},
  year={2008}
}

@inproceedings{greenorbs,
  title={Canopy closure estimates with GreenOrbs: sustainable sensing in the forest},
  author={Mo, Lufeng and He, Yuan and Liu, Yunhao and Zhao, Jizhong and Tang, Shao-Jie and Li, Xiang-Yang and Dai, Guojun},
  booktitle={Proceedings of Sensys},
  year={2009}
}

@inproceedings{tunnel,
  title={Is there light at the ends of the tunnel? Wireless sensor networks for adaptive lighting in road tunnels},
  author={Ceriotti, Matteo and Corr{\`a}, Michele and D'Orazio, Leandro and Doriguzzi, Roberto and Facchin, Daniele and Guna, ST and Jesi, Gian Paolo and Cigno, Renato Lo and Mottola, Luca and Murphy, Amy L and others},
  booktitle={Processing of IPSN},
  year={2011}
}

@inproceedings{broadcast-free,
  title={Broadcast-free collection protocol},
  author={Puccinelli, Daniele and Giordano, Silvia and Zuniga, Marco and Marr{\'o}n, Pedro Jos{\'e}},
  booktitle={Proceedings of the 10th ACM Conference on Embedded Network Sensor Systems},
  pages={29--42},
  year={2012},
  organization={ACM}
}

@inproceedings{ptunes,
  title={pTunes: Runtime parameter adaptation for low-power MAC protocols},
  author={Zimmerling, Marco and Ferrari, Federico and Mottola, Luca and Voigt, Thiemo and Thiele, Lothar},
  booktitle={Proceedings of Sensys},
  year={2012}
}

@inproceedings{splash,
  title={Splash: fast data dissemination with constructive interference in wireless sensor networks},
  author={Doddavenkatappa, Manjunath and Chan, Mun Choon and Leong, Ben},
  booktitle={Proceedings of NSDI},
  year={2013}
}

@inproceedings{quanto,
  title={Quanto: Tracking Energy in Networked Embedded Systems.},
  author={Fonseca, Rodrigo and Dutta, Prabal and Levis, Philip and Stoica, Ion},
  booktitle={Proceedings of OSDI},
  year={2008}
}

@article{guo2014opportunistic,
  title={Opportunistic flooding in low-duty-cycle wireless sensor networks with unreliable links},
  author={Guo, Shuo and He, Liang and Gu, Yu and Jiang, Bo and He, Tian},
  journal={IEEE Transactions on Computers},
  volume={63},
  number={11},
  pages={2787--2802},
  year={2014}
}

@inproceedings{dunkels2011announcement,
  title={The announcement layer: Beacon coordination for the sensornet stack},
  author={Dunkels, Adam and Mottola, Luca and Tsiftes, Nicolas and {\"O}sterlind, Fredrik and Eriksson, Joakim and Finne, Niclas},
  booktitle={Proceedings of EWSN},
  year={2011}
}

@inproceedings{deluge,
  title={The dynamic behavior of a data dissemination protocol for network programming at scale},
  author={Hui, Jonathan W and Culler, David},
  booktitle={Proceedings of Sensys},
  year={2004}
}

@article{sprinkler,
  title={Sprinkler: A reliable and energy efficient data dissemination service for extreme scale wireless networks of embedded devices},
  author={Naik, Vinayak and Arora, Anish and Sinha, Prasun and Zhang, Hongwei},
  journal={IEEE Transactions on Mobile Computing},
  volume={6},
  number={7},
  pages={777--789},
  year={2007}
}

@inproceedings{dong2011link,
  title={Link quality aware code dissemination in wireless sensor networks},
  author={Dong, Wei and Liu, Yunhao and Wang, Chao and Liu, Xue and Chen, Chun and Bu, Jiajun},
  booktitle={Proceedings of ICNP},
  year={2011}
}

@inproceedings{tele,
  title={Tele Adjusting: Using Path Coding and Opportunistic Forwarding for Remote Control in WSNs},
  author={Liu, Daibo and Cao, Zhichao and Wu, Xiaopei and He, Yuan and Ji, Xiaoyu and Hou, Mengshu},
  booktitle={Proceedings of ICDCS},
  year={2015}
}

@article{zheng2016bulk,
  title={Bulk Data Dissemination in Wireless Sensor Networks: Analysis, Implications and Improvement},
  author={Zheng, Xiaolong and Wang, Jiliang and Dong, Wei and He, Yuan and Liu, Yunhao},
  journal={IEEE Transactions on Computers},
  volume={65},
  number={5},
  pages={1428--1439},
  year={2016}
}

@inproceedings{zippy,
  title={Zippy: On-demand network flooding},
  author={Sutton, Felix and Buchli, Bernhard and Beutel, Jan and Thiele, Lothar},
  booktitle={Proceedings of Sensys},
  year={2015}
}

@inproceedings{istomin2016data,
  title={Data Prediction+ Synchronous Transmissions= Ultra-low Power Wireless Sensor Networks},
  author={Istomin, Timofei and Murphy, Amy L and Picco, Gian Pietro and Raza, Usman},
  booktitle={Proceedings of Sensys},
  year={2016}
}

@inproceedings{loup,
  title={LOUP: The Principles and Practice of Intra-Domain Route Dissemination.},
  author={Gvozdiev, Nikola and Karp, Brad and Handley, Mark and others},
  booktitle={Proceedings of NSDI},
  year={2013}
}

@article{chase,
  title={Chase: Taming concurrent broadcast for flooding in asynchronous duty cycle networks},
  author={Cao, Zhichao and Liu, Daibo and Wang, Jiliang and Zheng, Xiaolong},
  journal={IEEE/ACM Transactions on Networking},
  year={2017}
}

@inproceedings{chase++,
  title={Chase++: Fountain-Enabled Fast Flooding in Asynchronous Duty Cycle Networks},
  author={Cao, Zhichao and Wang, Jiliang and Liu, Daibo and Miao, Xin and Ma, Qiang and Mao, Xufei},
  booktitle={Proceedings of INFOCOM},
  year={2018}
}

@article{cc2420,
  title={CC2420 Datasheet},
  journal={http://www.ti.com/product/CC2420, Texas Instruments},
  year={2007},
}

@article{fountain,
  title={Fountain codes},
  author={MacKay, David JC},
  journal={IEE Proceedings-Communications},
  volume={152},
  number={6},
  pages={1062--1068},
  year={2005},
  publisher={IET}
}

@article{wang2012reliable,
  title={On reliable broadcast in low duty-cycle wireless sensor networks},
  author={Wang, Feng and Liu, Jiangchuan},
  journal={IEEE Transactions on Mobile Computing},
  volume={11},
  number={5},
  pages={767--779},
  year={2012},
  publisher={IEEE}
}

@proceedings{lai2010multihop,
  title={On multihop broadcast over adaptively duty-cycled wireless sensor networks},
  author={Lai, Shouwen and Ravindran, Binoy},
  journal={Proceedings of DCOSS},
  pages={158--171},
  year={2010}
}

@inproceedings{rateless-deluge,
  title={Rateless deluge: Over-the-air programming of wireless sensor networks using random linear codes},
  author={Hagedorn, Andrew and Starobinski, David and Trachtenberg, Ari},
  booktitle={Proceedings of IPSN},
  year={2008}
}

@article{synapse++,
  title={SYNAPSE++: Code dissemination in wireless sensor networks using fountain codes},
  author={Rossi, Michele and Bui, Nicola and Zanca, Giovanni and Stabellini, Luca and Crepaldi, Riccardo and Zorzi, Michele},
  journal={IEEE Transactions on Mobile Computing},
  volume={9},
  number={12},
  pages={1749--1765},
  year={2010},
  publisher={IEEE}
}

@inproceedings{lt,
  title={LT codes},
  author={Luby, Michael},
  booktitle={Proceedings of FOCS},
  year={2002}
}
