@inproceedings{trinity,
  title={Powering indoor sensing with airflows: a trinity of energy harvesting, synchronous duty-cycling, and sensing},
  author={Xiang, Tianyu and Chi, Zicheng and Li, Feng and Luo, Jun and Tang, Lihua and Zhao, Liya and Yang, Yaowen},
  booktitle={Proceedings of Sensys},
  year={2013}
}

@inproceedings{meter,
  title={Preamble Counter: Achieving Accurate and Real-Time Link Estimation in Low Power Wireless Sensor Networks},
  author={Daibo Liu, Zhichao Cao, Mengshu Hou and Yi Zhang},
  booktitle={Proceedings of IPSN},
  year={2016}
}

@inproceedings{citysee,
  title={CitySee: Urban {CO}\textsubscript{2} monitoring with sensors},
  author={Mao, Xufei and Miao, Xin and He, Yuan and Li, Xiang-Yang and Liu, Yunhao},
  booktitle={Proceedings of INFOCOM},
  year={2012}
}

@inproceedings{chaos,
  title={Chaos: Versatile and efficient all-to-all data sharing and in-network processing at scale},
  author={Landsiedel, Olaf and Ferrari, Federico and Zimmerling, Marco},
  booktitle={Proceedings of Sensys},
  year={2013}
}

@incollection{flash,
  title={Flash Flooding: Exploiting the Capture Effect for Rapid Flooding in Wireless Sensor Networks},
  author={Lu, Jiakang and Whitehouse, K},
  booktitle={Proceedings of INFOCOM},
  year={2009}
}

@inproceedings{cof,
  title={COF: Exploiting Concurrency for Low Power Opportunistic Forwarding},
  author={Liu, Daibo and Hou, Mengshu and Cao, Zhichao and He, Yuan and Ji, Xiaoyu and Zheng, Xiaolong},
  booktitle={Proceedings of ICNP},
  year={2015}
}

@inproceedings{drip,
  title={Design of an application-cooperative management system for wireless sensor networks.},
  author={Tolle, Gilman and Culler, David E},
  booktitle={Proceedings of EWSN},
  year={2005}
}

@inproceedings{rxlayer,
  title={RxLayer: adaptive retransmission layer for low power wireless},
  author={Liu, Daibo and Cao, Zhichao and Wang, Jiliang and Hou, Mengshu and Li, Yujun},
  booktitle={Proceedings of MobiHoc},
  year={2014}
}

@misc{telosb,
  title={Crossbow Inc},
  author={TelosB},
  year={2013}
}

@inproceedings{cord,
  title={CORD: Energy-efficient reliable bulk data dissemination in sensor networks},
  author={Huang, Leijun and Setia, Sanjeev},
  booktitle={Proceedings of INFOCOM},
  year={2008}
}

@inproceedings{pando,
  title={When Pipelines Meet Fountain: Fast Data Dissemination in Wireless Sensor Networks},
  author={Du, Wan and Liando, Jansen Christian and Zhang, Huanle and Li, Mo},
  booktitle={Proceedings of Sensys},
  year={2015}
}

@book{trickle,
  title={Trickle: A self regulating algorithm for code propagation and maintenance in wireless sensor networks},
  author={Levis, Philip Alexander and Patel, Neil and Culler, David and Shenker, Scott},
  year={2003},
  publisher={Computer Science Division, University of California}
}

@inproceedings{l2,
  title={L\textsuperscript{2}: Lazy forwarding in low duty cycle wireless sensor networks},
  author={Cao, Zhichao and He, Yuan and Liu, Yunhao},
  booktitle={Proceedings of INFOCOM},
  year={2012}
}

@inproceedings{dof,
  title={DOF: Duplicate detectable opportunistic forwarding in duty-cycled wireless sensor networks},
  author={Liu, Daibo and Cao, Zhichao and Wang, Jiliang and He, Yuan and Hou, Mengshu and Liu, Yunhao},
  booktitle={Proceedings of ICNP},
  year={2013}
}

@inproceedings{sleep,
  title={Sleep in the Dins: Insomnia therapy for duty-cycled sensor networks},
  author={Wang, Jiliang and Cao, Zhichao and Mao, Xufei and Liu, Yunhao},
  booktitle={Proceedings of INFOCOM},
  year={2014}
}

@inproceedings{zisense,
  title={ZiSense: towards interference resilient duty cycling in wireless sensor networks},
  author={Zheng, Xiaolong and Cao, Zhichao and Wang, Jiliang and He, Yuan and Liu, Yunhao},
  booktitle={Proceedings of Sensys},
  year={2014}
}

@inproceedings{FTSP,
  title={The flooding time synchronization protocol},
  author={Mar{\'o}ti, Mikl{\'o}s and Kusy, Branislav and Simon, Gyula and L{\'e}deczi, {\'A}kos},
  booktitle={Proceedings of Sensys},
  year={2004}
}

@inproceedings{wang2009duty,
  title={Duty-cycle-aware broadcast in wireless sensor networks},
  author={Wang, Feng and Liu, Jiangchuan},
  booktitle={Proceedings of INFOCOM},
  year={2009}
}

@inproceedings{cflood,
  title={Exploring Link Correlation for Efficient Flooding in Wireless Sensor Networks.},
  author={Zhu, Ting and Zhong, Ziguo and He, Tian and Zhang, Zhi-Li},
  booktitle={Proceedings of NSDI},
  year={2010}
}

@inproceedings{adb,
  title={ADB: an efficient multihop broadcast protocol based on asynchronous duty-cycling in wireless sensor networks},
  author={Sun, Yanjun and Gurewitz, Omer and Du, Shu and Tang, Lei and Johnson, David B},
  booktitle={Proceedings of Sensys},
  year={2009}
}

@inproceedings{lai2010multihop,
  title={On multihop broadcast over adaptively duty-cycled wireless sensor networks},
  author={Lai, Shouwen and Ravindran, Binoy},
  booktitle={Proceedings of DCOSS},
  year={2010}
}

@inproceedings{corlayer,
  title={Corlayer: A transparent link correlation layer for energy efficient broadcast},
  author={Wang, Shuai and Kim, Song Min and Liu, Yunhuai and Tan, Guang and He, Tian},
  booktitle={Proceedings of Mobicom},
  year={2013}
}

@inproceedings{guo2011correlated,
  title={Correlated flooding in low-duty-cycle wireless sensor networks},
  author={Guo, Shuo and Kim, Song Min and Zhu, Ting and Gu, Yu and He, Tian},
  booktitle={Proceedings of ICNP},
  year={2011}
}

@inproceedings{dcamlbs,
  title={Duty-cycle-aware minimum latency broadcast scheduling in multi-hop wireless networks},
  author={Jiao, Xianlong and Lou, Wei and Ma, Junchao and Cao, Jiannong and Wang, Xiaodong and Zhou, Xingming},
  booktitle={Proceedings of ICDCS},
  year={2010}
}

@INPROCEEDINGS{lwb,
  title={Low-Power Wireless Bus},
  author={Ferrari, Federico and Zimmerling, Marco and Mottola, Luca and Thiele, Lothar},
  booktitle={Proceedings of the 10th ACM conference on Embedded networked sensor systems},
  year={2012},
  organization = {ACM}
}

@INPROCEEDINGS{glossy,
  title={Efficient network flooding and time synchronization with Glossy},
  author={Ferrari, Federico and Zimmerling, Marco and Thiele, Lothar and Saukh, Olga},
  booktitle={Proceedings of IPSN},
  year={2011}
}

@INPROCEEDINGS{amac,
  title={Design and evaluation of a versatile and efficient receiver-initiated link layer for low-power wireless},
  author={Dutta, Prabal and Dawson-Haggerty, Stephen and Chen, Yin and Liang, Chieh-Jan Mike and Terzis, Andreas},
  booktitle={Proceedings of Sensys},
  year={2010}
}

@INPROCEEDINGS{ri,
  title={RI-MAC: a receiver-initiated asynchronous duty cycle MAC protocol for dynamic traffic loads in wireless sensor networks},
  author={Sun, Yanjun and Gurewitz, Omer and Johnson, David B},
  booktitle={Proceedings of Sensys},
  year={2008}
}

@INPROCEEDINGS{ctp,
  title={Collection tree protocol},
  author={Gnawali, Omprakash and Fonseca, Rodrigo and Jamieson, Kyle and Moss, David and Levis, Philip},
  booktitle={Proceedings of Sensys},
  year={2009}
}

@INPROCEEDINGS{l2,
  title={L\textsuperscript{2}: Lazy forwarding in low duty cycle wireless sensor networks},
  author={Cao, Zhichao and He, Yuan and Liu, Yunhao},
  booktitle={Proceedings of INFOCOM},
  year={2012}
}

@INPROCEEDINGS{delay,
  title={On the Delay Performance Analysis in A Large-Scale Wireless Sensor Network},
  author={Wang, Jiliang and Dong, Wei and Cao, Zhichao and Liu, Yunhao},
  booktitle={Proceedings of RTSS},
  year={2012}
}

@INPROCEEDINGS{orw,
  title={Low power, low delay: opportunistic routing meets duty cycling},
  author={Landsiedel, Olaf and Ghadimi, Euhanna and Duquennoy, Simon and Johansson, Mikael},
  booktitle={Proceedings of IPSN},
  year={2012}
}

@article{box,
  title={BoX-MACs: Exploiting physical and link layer boundaries in low-power networking},
  author={Moss, David and Levis, Philip},
  journal={Technical Report SING-08-00, Stanford},
  year={2008}
}

@inproceedings{greenorbs,
  title={Canopy closure estimates with GreenOrbs: sustainable sensing in the forest},
  author={Mo, Lufeng and He, Yuan and Liu, Yunhao and Zhao, Jizhong and Tang, Shao-Jie and Li, Xiang-Yang and Dai, Guojun},
  booktitle={Proceedings of Sensys},
  year={2009}
}

@inproceedings{tunnel,
  title={Is there light at the ends of the tunnel? Wireless sensor networks for adaptive lighting in road tunnels},
  author={Ceriotti, Matteo and Corr{\`a}, Michele and D'Orazio, Leandro and Doriguzzi, Roberto and Facchin, Daniele and Guna, ST and Jesi, Gian Paolo and Cigno, Renato Lo and Mottola, Luca and Murphy, Amy L and others},
  booktitle={Processing of IPSN},
  year={2011}
}

@inproceedings{broadcast-free,
  title={Broadcast-free collection protocol},
  author={Puccinelli, Daniele and Giordano, Silvia and Zuniga, Marco and Marr{\'o}n, Pedro Jos{\'e}},
  booktitle={Proceedings of the 10th ACM Conference on Embedded Network Sensor Systems},
  pages={29--42},
  year={2012},
  organization={ACM}
}

@inproceedings{ptunes,
  title={pTunes: Runtime parameter adaptation for low-power MAC protocols},
  author={Zimmerling, Marco and Ferrari, Federico and Mottola, Luca and Voigt, Thiemo and Thiele, Lothar},
  booktitle={Proceedings of Sensys},
  year={2012}
}

@inproceedings{splash,
  title={Splash: fast data dissemination with constructive interference in wireless sensor networks},
  author={Doddavenkatappa, Manjunath and Chan, Mun Choon and Leong, Ben},
  booktitle={Proceedings of NSDI},
  year={2013}
}

@inproceedings{quanto,
  title={Quanto: Tracking Energy in Networked Embedded Systems.},
  author={Fonseca, Rodrigo and Dutta, Prabal and Levis, Philip and Stoica, Ion},
  booktitle={Proceedings of OSDI},
  year={2008}
}

@article{guo2014opportunistic,
  title={Opportunistic flooding in low-duty-cycle wireless sensor networks with unreliable links},
  author={Guo, Shuo and He, Liang and Gu, Yu and Jiang, Bo and He, Tian},
  journal={IEEE Transactions on Computers},
  volume={63},
  number={11},
  pages={2787--2802},
  year={2014}
}

@inproceedings{dunkels2011announcement,
  title={The announcement layer: Beacon coordination for the sensornet stack},
  author={Dunkels, Adam and Mottola, Luca and Tsiftes, Nicolas and {\"O}sterlind, Fredrik and Eriksson, Joakim and Finne, Niclas},
  booktitle={Proceedings of EWSN},
  year={2011}
}

@inproceedings{deluge,
  title={The dynamic behavior of a data dissemination protocol for network programming at scale},
  author={Hui, Jonathan W and Culler, David},
  booktitle={Proceedings of Sensys},
  year={2004}
}

@article{sprinkler,
  title={Sprinkler: A reliable and energy efficient data dissemination service for extreme scale wireless networks of embedded devices},
  author={Naik, Vinayak and Arora, Anish and Sinha, Prasun and Zhang, Hongwei},
  journal={IEEE TMC},
  year={2007}
}

@inproceedings{dong2011link,
  title={Link quality aware code dissemination in wireless sensor networks},
  author={Dong, Wei and Liu, Yunhao and Wang, Chao and Liu, Xue and Chen, Chun and Bu, Jiajun},
  booktitle={Proceedings of ICNP},
  year={2011}
}

@inproceedings{tele,
  title={Tele Adjusting: Using Path Coding and Opportunistic Forwarding for Remote Control in WSNs},
  author={Liu, Daibo and Cao, Zhichao and Wu, Xiaopei and He, Yuan and Ji, Xiaoyu and Hou, Mengshu},
  booktitle={Proceedings of ICDCS},
  year={2015}
}
